@article{Gotts2003,
author = {Gotts, N. M. and Polhill, J. G. and Law, A. N R},
doi = {10.1023/A:1022120928602},
isbn = {0269-2821; 1573-7462},
issn = {02692821},
journal = {Artificial Intelligence Review},
keywords = {Agents,Altruism,Cooperation,Economics,Evolution,Games,Simulation},
number = {1},
pages = {3--92},
title = {{Agent-based simulation in the study of social dilemmas}},
volume = {19},
year = {2003}
}

@book{Gass2005,
author = {Gass, Saul I. and Assad, Arjang a},
doi = {1402081138},
isbn = {140208112X},
issn = {03772217},
pages = {125},
pmid = {1528168},
title = {{an Annotated Timeline of Operations Research}},
url = {http://ebooks.kluweronline.com},
year = {2005}
}

@misc{Flood1958,
author = {Flood, Merrill M. and Dresher, Melvin},
booktitle = {Management Science},
doi = {10.1287/mnsc.5.1.5},
file = {:Users/James/Documents/Mendeley Desktop/Unknown - RM789-1.pdf.pdf:pdf},
isbn = {00251909},
issn = {0025-1909},
number = {1},
pages = {5--26},
title = {{Some Experimental Games}},
volume = {5},
year = {1958}
}
